<?xml version="1.0" encoding="UTF-8"?><collection xmlns="http://www.loc.gov/MARC21/slim"><record><leader>00580nam--2200193-u-4500</leader><controlfield tag="001">000056801</controlfield><controlfield tag="002">20190918</controlfield><controlfield tag="005">20190918053000</controlfield><controlfield tag="008">190918s1000------------r-----000-0-eng-d</controlfield><datafield ind1=" " ind2=" " tag="040"><subfield code="a">IFIN-HH</subfield></datafield><datafield ind1=" " ind2=" " tag="041"><subfield code="a">eng</subfield></datafield><datafield ind1="1" ind2=" " tag="100"><subfield code="a">Maric, Dragana</subfield></datafield><datafield ind1="1" ind2="0" tag="245"><subfield code="a">27th Summer School and International Symposium on the Physics of ionized Gases</subfield><subfield code="c">Dragana Maric, Aleksander R. Milosavljevic, Zoran Mijatovic (eds.)</subfield></datafield><datafield ind1=" " ind2=" " tag="260"><subfield code="a">Belgrad</subfield><subfield code="c">2014</subfield></datafield><datafield ind1=" " ind2=" " tag="300"><subfield code="a">545 p</subfield></datafield><datafield ind1=" " ind2=" " tag="500"><subfield code="a">Donatie Gheorghe Dinescu</subfield></datafield><datafield ind1="1" ind2=" " tag="700"><subfield code="a">Mijatovic, Zoran</subfield></datafield><datafield ind1=" " ind2=" " tag="852"><subfield code="a">82765</subfield><subfield code="c">061.3</subfield></datafield><datafield ind1=" " ind2=" " tag="CAT"><subfield code="a">SYS</subfield><subfield code="c">20190918</subfield><subfield code="h">053000</subfield></datafield></record></collection>